<record><leader>00000cas a2200000 a 4500</leader><controlfield tag="001">11063777</controlfield><controlfield tag="008">840817d1849186uvaucr ne      0    0eng c</controlfield><datafield ind1=" " ind2=" " tag="010"><subfield code="a">sn 84024733 </subfield></datafield><datafield ind1=" " ind2=" " tag="040"><subfield code="a">NPV</subfield><subfield code="b">eng</subfield><subfield code="c">NPV</subfield><subfield code="d">NPX</subfield><subfield code="d">NPU</subfield><subfield code="d">NPX</subfield><subfield code="d">NPA</subfield><subfield code="d">DLC</subfield><subfield code="d">PPM</subfield><subfield code="d">KNP</subfield><subfield code="d">NST</subfield><subfield code="d">KNP</subfield><subfield code="d">NVF</subfield><subfield code="d">CNK</subfield><subfield code="d">NVK</subfield><subfield code="d">NVF</subfield><subfield code="d">OCL</subfield><subfield code="d">NVF</subfield><subfield code="d">KRTAS</subfield><subfield code="d">CUI</subfield><subfield code="d">DLC</subfield><subfield code="d">OCLCQ</subfield><subfield code="d">OCLCF</subfield></datafield><datafield ind1=" " ind2=" " tag="012"><subfield code="i">9001</subfield></datafield><datafield ind1="1" ind2=" " tag="029"><subfield code="a">AU@</subfield><subfield code="b">000003655560</subfield></datafield><datafield ind1=" " ind2=" " tag="042"><subfield code="a">pcc</subfield></datafield><datafield ind1=" " ind2=" " tag="043"><subfield code="a">n-us-va</subfield></datafield><datafield ind1="0" ind2="0" tag="050"><subfield code="a">Newspaper</subfield></datafield><datafield ind1=" " ind2="4" tag="050"><subfield code="a">AN</subfield></datafield><datafield ind1="0" ind2=" " tag="130"><subfield code="a">Richmond semi-weekly examiner (Richmond, Va. : 1849)</subfield></datafield><datafield ind1="1" ind2="0" tag="245"><subfield code="a">Richmond semi-weekly examiner.</subfield></datafield><datafield ind1="1" ind2="3" tag="246"><subfield code="a">Richmond examiner</subfield></datafield><datafield ind1="1" ind2="7" tag="246"><subfield code="a">Richmond examiner. Semi-weekly</subfield></datafield><datafield ind1=" " ind2=" " tag="260"><subfield code="a">Richmond, Va. :</subfield><subfield code="b">De Witt &amp; Daniel</subfield></datafield><datafield ind1=" " ind2=" " tag="300"><subfield code="a">v.</subfield></datafield><datafield ind1=" " ind2=" " tag="310"><subfield code="a">Semiweekly</subfield></datafield><datafield ind1="1" ind2=" " tag="362"><subfield code="a">Began in 1849.</subfield></datafield><datafield ind1=" " ind2=" " tag="500"><subfield code="a">Publisher varies: R.W. Hughes, &lt;Aug. 19, 1853&gt;; William Lloyd and C.L. Long, &lt;Nov. 10, 1854&gt;; William Lloyd, &lt;1857&gt;; DeWitt, Lloyd &amp; Hardwicke, &lt;June 4, 1858&gt; ; William Lloyd &amp; Co., &lt;Oct. 15, 1858&gt; ; Daniel and Lloyd, &lt;Mar. 1, 1861&gt;.</subfield></datafield><datafield ind1=" " ind2=" " tag="500"><subfield code="a">Editors: John Daniel, &lt;1849-1853&gt;; R.W. Hughes, &lt;1854&gt;.</subfield></datafield><datafield ind1=" " ind2=" " tag="580"><subfield code="a">Daily ed.: Richmond daily examiner, (Richmond, Va. : 1859), 1859-1860 and: Daily Richmond examiner (Richmond, Va. : 1861), 1861-1867.</subfield></datafield><datafield ind1=" " ind2=" " tag="580"><subfield code="a">Weekly ed.: Richmond weekly examiner (Richmond, Va. : 1848), 1849-&lt;1866&gt;.</subfield></datafield><datafield ind1=" " ind2=" " tag="588"><subfield code="a">Description based on: Vol. 2, no. 40 (Mar. 23, 1849).</subfield></datafield><datafield ind1=" " ind2="0" tag="651"><subfield code="a">Richmond (Va.)</subfield><subfield code="v">Newspapers.</subfield></datafield><datafield ind1=" " ind2="7" tag="655"><subfield code="a">Newspapers.</subfield><subfield code="2">fast</subfield><subfield code="0">(OCoLC)fst01423814</subfield></datafield><datafield ind1=" " ind2="7" tag="651"><subfield code="a">Virginia</subfield><subfield code="z">Richmond.</subfield><subfield code="2">fast</subfield><subfield code="0">(OCoLC)fst01205345</subfield></datafield><datafield ind1=" " ind2=" " tag="752"><subfield code="a">United States</subfield><subfield code="b">Virginia</subfield><subfield code="d">Richmond.</subfield></datafield><datafield ind1="1" ind2=" " tag="775"><subfield code="t">Richmond daily examiner (Richmond, Va. : 1859)</subfield><subfield code="w">(DLC)sn 86071840</subfield><subfield code="w">(OCoLC)14106758</subfield></datafield><datafield ind1="1" ind2=" " tag="775"><subfield code="t">Daily Richmond examiner (Richmond, Va. : 1861)</subfield><subfield code="w">(DLC)sn 83045177</subfield><subfield code="w">(OCoLC)9334677</subfield></datafield><datafield ind1="1" ind2=" " tag="775"><subfield code="t">Richmond weekly examiner (Richmond, Va. : 1848)</subfield><subfield code="w">(DLC)sn 85026507</subfield><subfield code="w">(OCoLC)12261301</subfield></datafield><datafield ind1="0" ind2="0" tag="780"><subfield code="t">Richmond examiner (Richmond, Va. : Semiweekly)</subfield><subfield code="w">(DLC)sn 85026482</subfield><subfield code="w">(OCoLC)12255838</subfield></datafield><datafield ind1="0" ind2="0" tag="785"><subfield code="t">Semi-weekly examiner</subfield><subfield code="w">(DLC)sn 96094011</subfield></datafield><datafield ind1=" " ind2=" " tag="850"><subfield code="a">NcD</subfield></datafield><datafield ind1=" " ind2=" " tag="938"><subfield code="a">Kirtas Technologies, Inc.</subfield><subfield code="b">KRTS</subfield><subfield code="n">738720</subfield></datafield></record>